@MISC{Lane2013,
  author     = {Kin Lane},
  year         = 2013,
  title        = {Overview Of The Backend as a Service (BaaS) Space}
}

@misc{firebase,
  author = {Firebase},
  title = {{Firebase}},
  howpublished = {\url{https://firebase.google.com/}},
  year = {2017}, 
  note = {Último Acesso: 01/07/2017}
}

@misc{firebase_database,
  author = {Firebase},
  title = {{Firebase Realtime Database}},
  howpublished = {\url{https://firebase.google.com/docs/database/}},
  year = {2017}, 
  note = {Último Acesso: 01/07/2017}
}

@misc{firebase_database_read-write,
  author = {Firebase},
  title = {{Read and Write Data on Android}},
  howpublished = {\url{https://firebase.google.com/docs/database/android/read-and-write}},
  year = {2017}, 
  note = {Último Acesso: 01/07/2017}
}

@misc{firebase_authentication,
  author = {Firebase},
  title = {{Firebase Authentication}},
  howpublished = {\url{https://firebase.google.com/docs/auth/}},
  year = {2017}, 
  note = {Último Acesso: 01/07/2017}
}

@misc{firebase_storage,
  author = {Firebase},
  title = {{Firebase Cloud Storage}},
  howpublished = {\url{https://firebase.google.com/docs/storage/}},
  year = {2017}, 
  note = {Último Acesso: 01/07/2017}
}

@misc{firebase_security,
  author = {Firebase},
  title = {{Understand Firebase Realtime Database Rules}},
  howpublished = {\url{https://firebase.google.com/docs/database/security/}},
  year = {2017}, 
  note = {Último Acesso: 01/07/2017}
}


@misc{firebase_pricing,
  author = {Firebase},
  title = {{Firebase Pricing}},
  howpublished = {\url{https://firebase.google.com/pricing/}},
  year = {2017}, 
  note = {Último Acesso: 20/05/2017}
}

@misc{firebase_test_lab,
  author = {Firebase},
  title = {{Firebase Test Lab for Android}},
  howpublished = {\url{https://firebase.google.com/docs/test-lab/}},
  year = {2017}, 
  note = {Último Acesso: 20/05/2017}
}

@misc{facebook_developers,
  author = {Facebook},
  title = {{Faceboook Developers}},
  howpublished = {\url{https://developers.facebook.com/}},
  year = {2017}, 
  note = {Último Acesso: 01/07/2017}
}

@misc{twitter_developers,
  author = {Twitter},
  title = {{Twitter Developers}},
  howpublished = {\url{https://dev.twitter.com/}},
  year = {2017}, 
  note = {Último Acesso: 01/07/2017}
}

@misc{dropbox_developers,
  author = {Dropbox},
  title = {{Dropbox Developers}},
  howpublished = {\url{https://www.dropbox.com/developers}},
  year = {2017}, 
  note = {Último Acesso: 01/07/2017}
}

@misc{amazon_web_services,
  author = {Amazon Web Services},
  title = {{Elastic compute cloud (EC2) - Cloud Server \& Hosting - AWS}},
  howpublished = {\url{https://aws.amazon.com/ec2/}},
  year = {2017}, 
  note = {Último Acesso: 01/07/2017}
}

@misc{ibm_blue_mix,
  author = {IBM},
  title = {{Cloud Infrastructure, Storage, Security \& More - IBM Bluemix}},
  howpublished = {\url{https://www.ibm.com/cloud-computing/bluemix/}},
  year = {2017}, 
  note = {Último Acesso: 01/07/2017}
}

@misc{jonas_tomaz_baas,
  author = {Jonas Tomaz},
  title = {{Como o BaaS pode ajudar o dia a dia de um desenvolvedor}},
  howpublished = {\url{https://imasters.com.br/desenvolvimento/como-o-baas-pode-ajudar-o-dia-dia-de-um-desenvolvedor/?trace=1519021197&source=single}},
  year = {2014}, 
  note = {Último Acesso: 01/07/2017}
}


@misc{antonio_ricardo_saas_iaas_paas_cloud_computing,
  author = {Antonio Ricardo},
  title = {{O que é SaaS, IaaS e PaaS em Cloud Computing? (Conceitos básicos)}},
  howpublished = {\url{https://antonioricardo.org/2013/03/28/o-que-e-saas-iaas-e-paas-em-cloud-computing-conceitos-basicos/}},
  year = {2013}, 
  note = {Último Acesso: 01/07/2017}
}

@book{Coulouris2005,
  title={Distributed systems: Concepts and Design},
  author={Coulouris, George F and Dollimore, Jean and Kindberg, Tim},
  year={2005},
  publisher={Pearson Education},
  page={{31,33}}
}
